%% This BibTeX bibliography file was created using BibDesk.
%% http://bibdesk.sourceforge.net/

%% Created for Steve Loughran at 2017-11-29 13:15:58 +0000 


%% Saved with string encoding Unicode (UTF-8) 



@article{DBLP:journals/corr/abs-1709-01812,
	Archiveprefix = {arXiv},
	Author = {Gil Vernik and Michael Factor and Elliot K. Kolodner and Pietro Michiardi and Effi Ofer and Francesco Pace},
	Bibsource = {dblp computer science bibliography, http://dblp.org},
	Biburl = {http://dblp.org/rec/bib/journals/corr/abs-1709-01812},
	Date-Added = {2017-11-28 14:34:59 +0000},
	Date-Modified = {2017-11-28 14:34:59 +0000},
	Eprint = {1709.01812},
	Journal = {CoRR},
	Timestamp = {Thu, 05 Oct 2017 09:42:54 +0200},
	Title = {Stocator: {A} High Performance Object Store Connector for Spark},
	Url = {http://arxiv.org/abs/1709.01812},
	Volume = {abs/1709.01812},
	Year = {2017},
	Bdsk-Url-1 = {http://arxiv.org/abs/1709.01812}}

@inproceedings{Dean:2004:MSD:1251254.1251264,
	Acmid = {1251264},
	Address = {Berkeley, CA, USA},
	Author = {Dean, Jeffrey and Ghemawat, Sanjay},
	Booktitle = {Proceedings of the 6th Conference on Symposium on Opearting Systems Design \& Implementation - Volume 6},
	Date-Added = {2017-11-28 14:23:50 +0000},
	Date-Modified = {2017-11-28 14:23:50 +0000},
	Location = {San Francisco, CA},
	Numpages = {1},
	Pages = {10--10},
	Publisher = {USENIX Association},
	Series = {OSDI'04},
	Title = {MapReduce: Simplified Data Processing on Large Clusters},
	Url = {http://dl.acm.org/citation.cfm?id=1251254.1251264},
	Year = {2004},
	Bdsk-Url-1 = {http://dl.acm.org/citation.cfm?id=1251254.1251264}}
